<?xml version="1.0" encoding="UTF-8"?><collection xmlns="http://www.loc.gov/MARC21/slim"><record><leader>00408nam--2200121-i-4500</leader><controlfield tag="001">000026086</controlfield><controlfield tag="002">20161230</controlfield><controlfield tag="005">20161230201036</controlfield><controlfield tag="008">060222s1000------------r-----000-0-eng-d</controlfield><datafield ind1=" " ind2=" " tag="080"><subfield code="a">621.742(083.96):620.1.089.6(083.96)</subfield></datafield><datafield ind1=" " ind2=" " tag="245"><subfield code="a">Instructiuni pentru verificarea aparatelor de incercari mecanice statice ale nisipurilor de turnatorie, editie oficiala</subfield></datafield><datafield ind1=" " ind2=" " tag="260"><subfield code="a">Bucuresti, Ed.Tehnica, 1975. 23p</subfield></datafield><datafield ind1=" " ind2=" " tag="852"><subfield code="a">43003</subfield></datafield></record></collection>